<record><leader>00000cas a22000007a 4500</leader><controlfield tag="001">9251072</controlfield><controlfield tag="008">830224d187218uumauwr ne      0    0eng d</controlfield><datafield ind1=" " ind2=" " tag="010"><subfield code="a">sn 83020079 </subfield></datafield><datafield ind1=" " ind2=" " tag="040"><subfield code="a">NPX</subfield><subfield code="b">eng</subfield><subfield code="c">NPX</subfield><subfield code="d">NPU</subfield><subfield code="d">OCLCQ</subfield></datafield><datafield ind1=" " ind2=" " tag="042"><subfield code="a">msc</subfield></datafield><datafield ind1=" " ind2=" " tag="043"><subfield code="a">n-us-ma</subfield></datafield><datafield ind1="0" ind2="0" tag="245"><subfield code="a">Foxboro journal.</subfield></datafield><datafield ind1="1" ind2="3" tag="246"><subfield code="a">Foxborough journal</subfield></datafield><datafield ind1=" " ind2=" " tag="260"><subfield code="a">Foxboro, Mass. :</subfield><subfield code="b">Jamesr M. Stewart</subfield></datafield><datafield ind1=" " ind2=" " tag="300"><subfield code="a">v. ;</subfield><subfield code="c">66 cm.</subfield></datafield><datafield ind1=" " ind2=" " tag="310"><subfield code="a">Weekly</subfield></datafield><datafield ind1="1" ind2=" " tag="362"><subfield code="a">Began in 1872.</subfield><subfield code="z">Cf. Rowell, 1873.</subfield></datafield><datafield ind1=" " ind2=" " tag="500"><subfield code="a">Publisher: Stewart &amp; Haskell, &lt;1876&gt;.</subfield></datafield><datafield ind1=" " ind2=" " tag="500"><subfield code="a">Editor: H.F. Stewart.</subfield></datafield><datafield ind1=" " ind2=" " tag="580"><subfield code="a">Published &lt;1872-1875&gt; from the office of: Franklin register (non-extant?). Cf. Rowell &amp; Co.'s Amer. newspaper direct., 1873-1875.</subfield></datafield><datafield ind1=" " ind2=" " tag="580"><subfield code="a">Published &lt;1876&gt; from the office of: Franklin register, and Norfolk County journal. Cf. Rowell &amp; Co.'s Amer. newspaper direct., 1877.</subfield></datafield><datafield ind1=" " ind2=" " tag="588"><subfield code="a">Description based on: Vol. 1, no. 20 (Feb. 21, 1873).</subfield></datafield><datafield ind1="1" ind2=" " tag="700"><subfield code="a">Stewart, Henry F.</subfield></datafield><datafield ind1=" " ind2=" " tag="752"><subfield code="a">United States</subfield><subfield code="b">Massachusetts</subfield><subfield code="c">Norfolk</subfield><subfield code="d">Foxborough.</subfield></datafield><datafield ind1="1" ind2=" " tag="787"><subfield code="t">Franklin register</subfield></datafield><datafield ind1="1" ind2=" " tag="787"><subfield code="t">Franklin register, and Norfolk County journal</subfield><subfield code="w">(DLC)sn 83021000</subfield></datafield><datafield ind1="1" ind2=" " tag="029"><subfield code="a">AU@</subfield><subfield code="b">000025787176</subfield></datafield></record>